@ARTICLE{6588537,
	author={},
	journal={ISO/IEC/IEEE 29119-1:2013(E)},
	title={ISO/IEC/IEEE International Standard - Software and systems engineering --Software testing --Part 1:Concepts and definitions},
	year={2013},
	volume={},
	number={},
	pages={1-64},
	keywords={IEC standards;IEEE standards;ISO standards;program testing;software engineering;systems engineering;software testing standards;internationally-agreed standard set;ISO/IEC/IEEE 29119-1 standard;ISO/IEC/IEEE 29119 standard;systems engineering;IEC standards;ISO standards;Testing;ISO;Software testing;Formal verification;Process control;29119;29119-1;software testing;Test Planning Process;Test Plan;verification and validation},
	doi={10.1109/IEEESTD.2013.6588537},
	month={09},}

@article{glass2001agile,
	title={Agile versus traditional: Make love, not war!},
	author={Glass, Robert L},
	journal={Cutter IT Journal},
	volume={14},
	number={12},
	pages={12--18},
	year={2001},
	publisher={CUTTER INFORMATION CORP.}
}

@ARTICLE{7106435,
	author={},
	journal={ISO/IEC/IEEE 15288 First edition 2015-05-15},
	title={ISO/IEC/IEEE International Standard - Systems and software engineering -- System life cycle processes},
	year={2015},
	volume={},
	number={},
	pages={1-118},
	keywords={customer satisfaction;software engineering;systems engineering;software engineering;systems engineering;system life cycle process;customer satisfaction;international standard;software life cycle process;ISO/IEC 12207:2008;IEEE Standards;IEC Standards;iSO Standards;Software engineering;Product life cycle management;Systems engineering and theory;15288;life cycle;life cycle process;software},
	doi={10.1109/IEEESTD.2015.7106435},
	month={05},}

@ARTICLE{8016712,
	author={},
	journal={ISO/IEC/IEEE 24765:2017(E)},
	title={ISO/IEC/IEEE International Standard - Systems and software engineering--Vocabulary},
	year={2017},
	volume={},
	number={},
	pages={1-541},
	keywords={IEC standards;IEEE standards;ISO standards;project management;software engineering;systems engineering;vocabulary;ISO/IEC/IEEE international standard;systems engineering;vocabulary;terminology standardization;information technology;ISO standards;IEEE Computer Society and Project Management Institute;software engineering concepts;software requirements;IEEE Standards;ISO Standards;IEC Standards;Informatino technology;Software engineering;Systems engineering and theoryt;Terminology;computer;dictionary;information technology;software engineering;systems engineering;24765},
	doi={10.1109/IEEESTD.2017.8016712},
	ISSN={},
	month={08}
}

@article{2010govardhan,
	author = {Govardhan, A.},
	year = {2010},
	month = {09},
	pages = {94-101},
	title = {A Comparison Between Five Models Of Software Engineering},
	volume = {7},
	journal = {IJCSI International Journal of Computer Science Issues 1694-0814}
}

@book{united1956symposium,
  title={Production of large computer programs},
  author={Benington, H.D.},
  lccn={57060651},
  series={ONR symposium report},
  url={https://books.google.com/books?id=tLo6AQAAMAAJ},
  year={1956},
  pages={15-27},
  publisher={Office of Naval Research, Department of the Navy}
}

@inproceedings{Royce:1987:MDL:41765.41801,
	author = {Royce, W. W.},
	title = {Managing the Development of Large Software Systems: Concepts and Techniques},
	booktitle = {Proceedings of the 9th International Conference on Software Engineering},
	series = {ICSE '87},
	year = {1987},
	isbn = {0-89791-216-0},
	location = {Monterey, California, USA},
	pages = {328--338},
	numpages = {11},
	url = {http://dl.acm.org/citation.cfm?id=41765.41801},
	acmid = {41801},
	publisher = {IEEE Computer Society Press},
	address = {Los Alamitos, CA, USA},
}

@article{ionel2009,
	author = {Ionel, Naftanaila},
	year = {2009},
	month = {05},
	pages = {381-385},
	title = {AGILE SOFTWARE DEVELOPMENT METHODOLOGIES: AN OVERVIEW OF THE CURRENT STATE OF RESEARCH},
	volume = {4},
	journal = {Annals of Faculty of Economics}
}

@article{whittaker2000,
	author = {Whittaker, James},
	year = {2000},
	month = {02},
	pages = {70 - 79},
	title = {What is software testing? And why is it so hard?},
	volume = {17},
	journal = {Software, IEEE},
	doi = {10.1109/52.819971}
}

@InProceedings{10.1007/978-3-540-77966-7_18,
	author="Nir, Dor
	and Tyszberowicz, Shmuel
	and Yehudai, Amiram",
	editor="Yorav, Karen",
	title="Locating Regression Bugs",
	booktitle="Hardware and Software: Verification and Testing",
	year="2008",
	publisher="Springer Berlin Heidelberg",
	address="Berlin, Heidelberg",
	pages="218--234",
	isbn="978-3-540-77966-7"
}

@Inbook{Meyer2014,
	author="Meyer, Bertrand",
	title="Overview",
	bookTitle="Agile!: The Good, the Hype and the Ugly",
	year="2014",
	publisher="Springer International Publishing",
	address="Cham",
	pages="1--15",
	isbn="978-3-319-05155-0",
	doi="10.1007/978-3-319-05155-0_1",
	url="https://doi.org/10.1007/978-3-319-05155-0_1"
}

@misc{dein_2019, 
	title={dein.fr}, 
	url={https://www.dein.fr/2019-09-06-test-coverage-only-matters-if-at-100-percent.html}, 
	journal={Charles-Axel Dein's personal website}, 
	author={Dein, Charles-Axel}, 
	year={2019}, 
	month={09}
}

@INPROCEEDINGS{581900,
	author={G. {Le Lann}},
	booktitle={Proceedings International Conference and Workshop on Engineering of Computer-Based Systems},
	title={An analysis of the Ariane 5 flight 501 failure-a system engineering perspective},
	year={1997},
	volume={},
	number={},
	pages={339-346},
	keywords={systems engineering;software engineering;aerospace computing;space vehicles;special purpose computers;aerospace testing;Ariane 5 flight 501 failure;system engineering;S/W Engineering;specification errors;application/environment requirements;on-board computing system;proof-based system engineering;Failure analysis;Aerospace engineering;Systems engineering and theory;Cascading style sheets;Computer industry;Delay;Appraisal;Terminology;Bridges;Engineering drawings},
	doi={10.1109/ECBS.1997.581900},
	ISSN={},
	month={03},}

@book{Myers:2011:AST:2161638,
	author = {Myers, Glenford J. and Sandler, Corey and Badgett, Tom},
	title = {The Art of Software Testing},
	year = {2011},
	isbn = {1118031962},
	edition = {3rd},
	publisher = {Wiley Publishing},
}

@book{landry2011iterative,
	title={Iterative and Agile Implementation Methodologies in Business Intelligence Software Development},
	author={Landry, N.},
	isbn={9780557247585},
	url={https://books.google.be/books?id=bUHJAQAAQBAJ},
	year={2011},
	publisher={Lulu.com}
}

@ONLINE {jimhighsmith2001,
	author = "Jim Highsmith",
	title  = "History: The Agile Manifesto",
	year   = "2001",
	url    = "https://agilemanifesto.org/history.html"
}

@misc{beck2001agile,
	author = {Beck, Kent and Beedle, Mike and van Bennekum, Arie and Cockburn, Alistair and Cunningham, Ward and Fowler, Martin and Grenning, James and Highsmith, Jim and Hunt, Andrew and Jeffries, Ron and Kern, Jon and Marick, Brian and Martin, Robert C. and Mellor, Steve and Schwaber, Ken and Sutherland, Jeff and Thomas, Dave},
	booktitle = {Manifesto for Agile Software Development},
	description = {Manifesto for Agile Software Development},
	keywords = {imported},
	title = {Manifesto for Agile Software Development},
	url = {https://www.agilemanifesto.org/},
	year = 2001
}

@Inbook{Hazzan2014,
	author="Hazzan, Orit
	and Dubinsky, Yael",
	title="The Agile Manifesto",
	bookTitle="Agile Anywhere: Essays on Agile Projects and Beyond",
	year="2014",
	publisher="Springer International Publishing",
	address="Cham",
	pages="9--14",
	isbn="978-3-319-10157-6",
	doi="10.1007/978-3-319-10157-6_3",
	url="https://doi.org/10.1007/978-3-319-10157-6_3"
}

@InProceedings{10.1007/978-3-030-03673-7_2,
	author="Kiv, Soreangsey
	and Heng, Samedi
	and Kolp, Manuel
	and Wautelet, Yves",
	editor="Kuhrmann, Marco
	and Schneider, Kurt
	and Pfahl, Dietmar
	and Amasaki, Sousuke
	and Ciolkowski, Marcus
	and Hebig, Regina
	and Tell, Paolo
	and Kl{\"u}nder, Jil
	and K{\"u}pper, Steffen",
	title="Agile Manifesto and Practices Selection for Tailoring Software Development: A Systematic Literature Review",
	booktitle="Product-Focused Software Process Improvement",
	year="2018",
	publisher="Springer International Publishing",
	address="Cham",
	pages="12--30",
	isbn="978-3-030-03673-7"
}

@book{martin2014,
	author = {Martin, Robert C. and Martin, Micah},
	title = {Agile Principles, Patterns, and Practices in C\# (Robert C. Martin)},
	year = {2006},
	isbn = {0131857258},
	publisher = {Prentice Hall PTR},
	address = {USA}
}

@article{fowlerhighsmithagile,
	author = {Fowler, Martin and Highsmith, Jim},
	year = {2000},
	month = {11},
	pages = {},
	title = {The Agile Manifesto},
	volume = {9}
}

@article{standish2015chaos,
	title={CHAOS report 2015},
	author={Standish Group and others},
	journal={The Standish Group International},
	url={https://www.standishgroup.com/sample_research_files/CHAOSReport2015-Final.pdf},
	year={2015}
}

@article{cusumanomicrosoft,
	author = {Cusumano, and Michael, Akindutire and Smith, Stanley},
	year = {1995},
	month = {02},
	pages = {},
	title = {Beyond the waterfall : software development at Microsoft}
}

@mastersthesis{rug01:002215083,
	author={Shafagatova, Aygun
	and De Backer, Manu
	and Pauwaert, Tom},
	title={The importance and presence of agile principles in agile software development},
	year={2015},
	school={Universiteit Gent},
	url={https://lib.ugent.be/catalog/rug01:002215083}
}

@book{SmartJenkinsDefinitive,
	abstract = {Streamline software development with Jenkins, the popular Java-based open source tool that has revolutionized the way teams think about Continuous Integration (CI). This complete guide shows you how to automate your build, integration, release, and deployment processes with Jenkins---and demonstrates how CI can save you time, money, and many headaches.},
	added-at = {2017-04-30T14:39:42.000+0200},
	address = {Beijing},
	address-de = {K{\"o}ln},
	author = {Smart, John Ferguson},
	biburl = {https://www.bibsonomy.org/bibtex/299a6c4a7da335fdb5d824d4cb5877465/flint63},
	file = {O'Reilly eBook:2011/Smart11.pdf:PDF;O'Reilly Product page:http\://www.oreilly.de/shop.oreilly.com/product/:URL;Amazon Search inside:http\://www.amazon.de/gp/reader/1449305350/:URL},
	groups = {public},
	interhash = {2fdfa04bd2c68790b23ea70145a03fb8},
	intrahash = {99a6c4a7da335fdb5d824d4cb5877465},
	isbn = {978-1-4493-0535-2},
	keywords = {01841 105 book shelf safari agile software development team build process workflow tool java},
	publisher = {O'Reilly},
	timestamp = {2018-04-16T12:02:02.000+0200},
	title = {Jenkins: The Definitive Guide},
	url = {https://www.safaribooksonline.com/library/view/jenkins-the-definitive/9781449311155/},
	username = {flint63},
	year = 2011
}